@article{AloiseDHP09,
  author    = {Daniel Aloise and
               Amit Deshpande and
               Pierre Hansen and
               Preyas Popat},
  title     = {NP-hardness of Euclidean sum-of-squares clustering},
  journal   = {Machine Learning},
  volume    = {75},
  number    = {2},
  pages     = {245--248},
  year      = {2009},
  url       = {https://doi.org/10.1007/s10994-009-5103-0},
  doi       = {10.1007/s10994-009-5103-0},
  timestamp = {Tue, 06 Mar 2018 17:05:11 +0100},
  biburl    = {https://dblp.org/rec/bib/journals/ml/AloiseDHP09},
  bibsource = {dblp computer science bibliography, https://dblp.org}
}

@article{AloiseHL12,
  author    = {Daniel Aloise and
               Pierre Hansen and
               Leo Liberti},
  title     = {An improved column generation algorithm for minimum sum-of-squares
               clustering},
  journal   = {Math. Program.},
  volume    = {131},
  number    = {1-2},
  pages     = {195--220},
  year      = {2012},
  url       = {https://doi.org/10.1007/s10107-010-0349-7},
  doi       = {10.1007/s10107-010-0349-7},
  timestamp = {Thu, 08 Jun 2017 09:09:41 +0200},
  biburl    = {https://dblp.org/rec/bib/journals/mp/AloiseHL12},
  bibsource = {dblp computer science bibliography, https://dblp.org}
}

@book{GareyJ79,
  author    = {Garey, Michael R. and Johnson, David S.},
  title     = {Computers and Intractability: A Guide to the Theory of NP-Completeness},
  year      = {1979},
  isbn      = {0716710447},
  publisher = {W. H. Freeman \& Co.},
  address   = {New York, NY, USA},
} 